<?xml version="1.0" encoding="UTF-8"?>
<record>
  <leader>01357nas a2200373#c 4500</leader>
  <controlfield tag="005">20171201125554.0</controlfield>
  <controlfield tag="007">tu</controlfield>
  <controlfield tag="008">991122d18611862xx w||n|  ||| 0||||1ger c</controlfield>
  <controlfield tag="003">DE-605</controlfield>
  <controlfield tag="001">990108740950206441</controlfield>
  <datafield tag="016" ind1="7" ind2=" ">
    <subfield code="a">1484300-6</subfield>
    <subfield code="2">DE-600</subfield>
  </datafield>
  <datafield tag="016" ind1="7" ind2=" ">
    <subfield code="a">019771649</subfield>
    <subfield code="2">DE-101</subfield>
  </datafield>
  <datafield tag="035" ind1=" " ind2=" ">
    <subfield code="a">(DE-599)ZDB1484300-6</subfield>
  </datafield>
  <datafield tag="035" ind1=" " ind2=" ">
    <subfield code="a">(OCoLC)313580279</subfield>
  </datafield>
  <datafield tag="035" ind1=" " ind2=" ">
    <subfield code="a">(DE-600)1484300-6</subfield>
  </datafield>
  <datafield tag="035" ind1=" " ind2=" ">
    <subfield code="a">(DE-101)019771649</subfield>
  </datafield>
  <datafield tag="040" ind1=" " ind2=" ">
    <subfield code="a">9001</subfield>
    <subfield code="b">ger</subfield>
    <subfield code="c">DE-101</subfield>
    <subfield code="d">9999</subfield>
  </datafield>
  <datafield tag="041" ind1=" " ind2=" ">
    <subfield code="a">ger</subfield>
  </datafield>
  <datafield tag="044" ind1=" " ind2=" ">
    <subfield code="c">XA-DXDE</subfield>
    <subfield code="c">XA-DE</subfield>
  </datafield>
  <datafield tag="084" ind1=" " ind2=" ">
    <subfield code="a">070</subfield>
    <subfield code="a">630</subfield>
    <subfield code="a">640</subfield>
    <subfield code="q">DE-600</subfield>
    <subfield code="2">sdnb</subfield>
  </datafield>
  <datafield tag="090" ind1=" " ind2=" ">
    <subfield code="n">ft</subfield>
  </datafield>
  <datafield tag="245" ind1="0" ind2="0">
    <subfield code="a">Tauben- und Hühnerzeitung</subfield>
    <subfield code="b">Organ der gesammten Haus-Federviehzucht, mit Inbegriff der Sangvögel</subfield>
  </datafield>
  <datafield tag="264" ind1="3" ind2="1">
    <subfield code="a">Berlin</subfield>
    <subfield code="b">Schotte</subfield>
    <subfield code="c">1861-1862</subfield>
  </datafield>
  <datafield tag="264" ind1="2" ind2="1">
    <subfield code="a">Berlin</subfield>
    <subfield code="b">Janke</subfield>
    <subfield code="c">anfangs</subfield>
  </datafield>
  <datafield tag="264" ind1="2" ind2="1">
    <subfield code="a">Berlin</subfield>
    <subfield code="b">Voss</subfield>
    <subfield code="c">früher</subfield>
  </datafield>
  <datafield tag="336" ind1=" " ind2=" ">
    <subfield code="b">txt</subfield>
  </datafield>
  <datafield tag="337" ind1=" " ind2=" ">
    <subfield code="b">n</subfield>
  </datafield>
  <datafield tag="338" ind1=" " ind2=" ">
    <subfield code="b">nc</subfield>
  </datafield>
  <datafield tag="362" ind1="0" ind2=" ">
    <subfield code="a">2.1857,28(11.Juli) - 7.1862 nachgewiesen</subfield>
  </datafield>
  <datafield tag="363" ind1="0" ind2="0">
    <subfield code="8">1.1\x</subfield>
    <subfield code="a">2</subfield>
    <subfield code="b">28</subfield>
    <subfield code="i">1857</subfield>
  </datafield>
  <datafield tag="363" ind1="1" ind2="0">
    <subfield code="8">1.2\x</subfield>
    <subfield code="a">7</subfield>
    <subfield code="i">1862</subfield>
  </datafield>
  <datafield tag="751" ind1=" " ind2=" ">
    <subfield code="a">Berlin</subfield>
    <subfield code="0">(DE-588)4005728-8</subfield>
    <subfield code="2">gnd</subfield>
    <subfield code="4">dbp</subfield>
  </datafield>
  <datafield tag="780" ind1="0" ind2="0">
    <subfield code="i">Vorg.:</subfield>
    <subfield code="t">Tauben-Zeitung</subfield>
    <subfield code="d">Berlin : Janke in Komm., 1856-1857</subfield>
    <subfield code="w">(DE-600)1499285-1</subfield>
  </datafield>
  <datafield tag="655" ind1=" " ind2="7">
    <subfield code="a">Zeitung</subfield>
    <subfield code="0">(DE-588)4067510-5</subfield>
    <subfield code="2">gnd-content</subfield>
  </datafield>
  <datafield tag="515" ind1=" " ind2=" ">
    <subfield code="a">Periodizität: wöchentl.</subfield>
  </datafield>
  <datafield tag="MBD" ind1=" " ind2=" ">
    <subfield code="M">49HBZ_NETWORK</subfield>
    <subfield code="i">990108740950206441</subfield>
    <subfield code="n">HBZ Network</subfield>
  </datafield>
  <datafield tag="MNG" ind1=" " ind2=" ">
    <subfield code="c">System</subfield>
    <subfield code="f">ZDB</subfield>
    <subfield code="i">marc21</subfield>
    <subfield code="h">20171201125554.0</subfield>
    <subfield code="k">01</subfield>
    <subfield code="e">false</subfield>
    <subfield code="d">2023-04-26 00:50:07 Europe/Berlin</subfield>
    <subfield code="g">010874095-HBZ01</subfield>
    <subfield code="j">90</subfield>
    <subfield code="a">import</subfield>
    <subfield code="b">2021-04-05 23:13:17 Europe/Berlin</subfield>
  </datafield>
</record>
